% Encoding: UTF-8
@book{windmill2020,
  author = {Windmill, Eric},
  title = {Flutter in action},
  year = {2020},
  publisher = {Mannning Publications},
}

@book{Arsha2021,
  author = {Arshad, Waleed},
  title = {Managing State in Flutter Pragmatically},
  year = {2021},
  publisher = {Packt Publishing},
}
@article{Goel2023,
  author            = {Goel, Tanya},
  urldate           = {2023-11-23},              
  title             = {Lifecycle of Flutter App},
  year              = {2023},
  url = {https://mobikul.com/lifecycle-of-a-flutter-app/}
}
@article{Sharma2018,
  author            = {Sharma, Radium},
  urldate           = {2023-11-23},              
  title             = {ABC of Redux},
  year              = {2018},
  url = {https://dev.to/radiumsharma06/abc-of-redux-5461}
}


@article{adnan2023,
  author            = {Adnan,Muhammad},
  urldate              = {2023-10-23},
  title             = {Flutter State Management: What to Choose- Provider, BLoC, or Redux?},
  year              = {2023},
  url = {https://www.linkedin.com/pulse/learn-how-flutter-render-widgets-muhammad-adnan/}
}

@misc{flutter2023,
  author       = {Flutter},
  url = {https://docs.flutter.dev/resources/architectural-overview},
  title        = {Flutter architectural overview},
  year         = {2023},
  urldate = {2023-11-20}
}

@misc{bloc2023,
  author       = {Bloc},
  url = {https://bloclibrary.dev/#/architecture},
  title        = {Architecture},
  year         = {2023},
  urldate = {2023-11-25}
}

@article{Jolayemi2021,
  author            = {Jolayemi, Damilare},
  urldate           = {2023-11-23},              
  title             = {Flutter Redux: Complete tutorial with examples},
  year              = {2021},
  url = {https://blog.logrocket.com/flutter-redux-complete-tutorial-with-examples/}
}

@article{Makadiya2022,
  author            = {Makadiya, Keval},
  urldate           = {2023-10-23},
  title             = {Flutter State Management: What to Choose- Provider, BLoC, or Redux?},
  year              = {2022},
  url = {https://medium.com/dhiwise/flutter-state-management-what-to-choose-provider-bloc-or-redux-214160adbae4}
}


@Comment{jabref-meta: databaseType:biblatex;}
