@Article{An2010,
  author    = {Daniel An },
  title     = {Find out how you stack up to new industry benchmarks for mobile page speed},
  year      = {2010},
  urldate = {2023-07-21},
  url       = {https://www.thinkwithgoogle.com/marketing-strategies/app-and-mobile/mobile-page-speed-new-industry-benchmarks/},
}
@Article{Rouse2014,
  author = {Margaret Rouse},
  title  = {Application performance},
  year   = {2014},
   url       = {https://www.techopedia.com/definition/30457/application-performance},
urldate = {2023-07-21},
}

@Article{Nielsen2010,
  author = {Jakob Nielsen},
  title  = {Website Response Times},
  year   = {2010},
  url    = {https://www.nngroup.com/articles/website-response-times/},
urldate = {2023-07-21},
}

@Thesis{Tran2023,
  author = {Thanh Tran},
type={Bachelor's Thesis},
  school = {Metropolia University of Applied Sciences},
  title  = {Flutter Native Performance and Expressive UI/UX},
  year   = {2023},
  url  ={https://www.theseus.fi/bitstream/handle/10024/336980/Thanh_Tran.pdf?sequence=2},
urldate = {2023-08-15},
}

@Thesis{slep2020,
  author = {Dmitrii Slepnev },
type={Bachelor's Thesis},
  school = {South-Eastern Finland University of Applied Sciences},
  title  = {State Management approaches in Flutter },
  year   = {2020},
  url  ={https://www.theseus.fi/bitstream/handle/10024/355086/Dmitrii_Slepnev.pdf},
urldate = {2023-08-15},
}
@Thesis{Vriest2019,
  author = {Jonas {De Vriest} },
type={Bachelor's Thesis},
  school = {Hogeschool Gent},
  title  = {Een vergelijkende studie tussen verschillende benaderingen van State Management in Flutter},
  year   = {2019},
  url    = {https://scriptie.hogent.be/2019-2020/339_201640029_PBA-TIN_scriptie.pdf},
urldate = {2023-08-05},
}

@Article{sid2023,
  author = { siddhardha },
  title  = {My Experience with Flutter State Management. Everything You Need to Know About it.},
  year   = {2023},
  url    = {https://levelup.gitconnected.com/everything-you-need-to-know-about-flutter-state-management-from-my-experience-19f56729f3c4#:~:text=State%2C%20in%20Flutter%2C%20refers%20to,itself%20or%20its%20parent%20widget.},
    urldate = {2023-08-16}
}
@Article{sabbagh2023,
  author = {Amr Sabbagh },
  title  = {Flutter Performance Optimization Techniques & Best Practices},
  year   = {2023},
  url    = {https://blog.devgenius.io/identifying-and-handling-memory-leaks-in-flutter-apps-1ad5e7d499e7},
    urldate = {2023-08-16}
}

@Comment{jabref-meta: databaseType:biblatex;}
